% Encoding: UTF-8

@article{architecture,
	author = {Perry, Dewayne E. and Wolf, Alexander L.},
	title = {Foundations for the Study of Software Architecture},
	year = {1992},
	issue_date = {Oct. 1992},
	publisher = {Association for Computing Machinery},
	address = {New York, NY, USA},
	volume = {17},
	number = {4},
	issn = {0163-5948},
	url = {https://doi.org/10.1145/141874.141884},
	doi = {10.1145/141874.141884},
	journal = {SIGSOFT Softw. Eng. Notes},
	month = {oct},
	pages = {40–52},
	numpages = {13}
}

@article{seco2020robust,
	author    = {Jo{\~{a}}o Costa Seco and
               Paulo Ferreira and
               Hugo Louren{\c{c}}o and
               Carla Ferreira and
               L{\'{u}}cio Ferr{\~{a}}o},
	title     = {Robust Contract Evolution in a TypeSafe MicroServices Architecture},
	journal   = {Art Sci. Eng. Program.},
	volume    = {4},
	number    = {3},
	pages     = {10},
	year      = {2020},
	url       = {https://doi.org/10.22152/programming-journal.org/2020/4/10},
	doi       = {10.22152/programming-journal.org/2020/4/10},
	timestamp = {Fri, 09 Apr 2021 18:29:41 +0200},
	biburl    = {https://dblp.org/rec/journals/programming/SecoFLFF20.bib},
	bibsource = {dblp computer science bibliography, https://dblp.org}
}

@mastersthesis{santosregent,
	author = {Santos, {\'A}lvaro Ant{\'o}nio and Pereira, M{\'a}rio and Leit{\~a}o, Jo{\~a}o and Seco, Jo{\~a}o Costa},
	title   = {Distributed Live Programs as Distributed Live Data},
	school  = {DI-FCT NOVA - Universidade NOVA de Lisboa},
	year    = 2020
}

@article{Breivold2012,
	author    = {Hongyu Pei Breivold and
               Ivica Crnkovic and
               Magnus Larsson},
	title     = {A systematic review of software architecture evolution research},
	journal   = {Inf. Softw. Technol.},
	volume    = {54},
	number    = {1},
	pages     = {16--40},
	year      = {2012},
	url       = {https://doi.org/10.1016/j.infsof.2011.06.002},
	doi       = {10.1016/j.infsof.2011.06.002},
	timestamp = {Thu, 23 Jun 2022 20:04:07 +0200},
	biburl    = {https://dblp.org/rec/journals/infsof/BreivoldCL12.bib},
	bibsource = {dblp computer science bibliography, https://dblp.org}
}

@online{microservices,
	author={Martin Fowler, James Lewis},
	title={Microservices},
	year = {2014},
	url = {http://martinfowler.com/articles/microservices.html},
	urldate = {2022-11-28}
}

@article{microservices2017tenets,
	author    = {Olaf Zimmermann},
	title     = {Microservices tenets},
	journal   = {Comput. Sci. Res. Dev.},
	volume    = {32},
	number    = {3-4},
	pages     = {301--310},
	year      = {2017},
	url       = {https://doi.org/10.1007/s00450-016-0337-0},
	doi       = {10.1007/s00450-016-0337-0},
	timestamp = {Wed, 04 Mar 2020 14:20:26 +0100},
	biburl    = {https://dblp.org/rec/journals/ife/Zimmermann17.bib},
	bibsource = {dblp computer science bibliography, https://dblp.org}
}

@incollection{microservicesTomorrow,
	author    = {Nicola Dragoni and
               Saverio Giallorenzo and
               Alberto Lluch{-}Lafuente and
               Manuel Mazzara and
               Fabrizio Montesi and
               Ruslan Mustafin and
               Larisa Safina},
	editor    = {Manuel Mazzara and
               Bertrand Meyer},
	title     = {Microservices: Yesterday, Today, and Tomorrow},
	booktitle = {Present and Ulterior Software Engineering},
	pages     = {195--216},
	publisher = {Springer},
	year      = {2017},
	url       = {https://doi.org/10.1007/978-3-319-67425-4\_12},
	doi       = {10.1007/978-3-319-67425-4\_12},
	timestamp = {Sun, 25 Oct 2020 22:32:23 +0100},
	biburl    = {https://dblp.org/rec/books/sp/17/DragoniGLMMMS17.bib},
	bibsource = {dblp computer science bibliography, https://dblp.org}
}

@inproceedings{microservices2017benchmark,
	author    = {Carlos M. Aderaldo and
               Nabor C. Mendon{\c{c}}a and
               Claus Pahl and
               Pooyan Jamshidi},
	title     = {Benchmark Requirements for Microservices Architecture Research},
	booktitle = {1st {IEEE/ACM} International Workshop on Establishing the Community-Wide
               Infrecaseructure for Architecture-Based Software Engineering, ECASE@ICSE
               2017, Buenos Aires, Argentina, May 22, 2017},
	pages     = {8--13},
	publisher = {{IEEE}},
	year      = {2017},
	url       = {https://doi.org/10.1109/ECASE.2017.4},
	doi       = {10.1109/ECASE.2017.4},
	timestamp = {Wed, 16 Oct 2019 14:14:49 +0200},
	biburl    = {https://dblp.org/rec/conf/icse/AderaldoMPJ17.bib},
	bibsource = {dblp computer science bibliography, https://dblp.org}
}

@inproceedings{mvc,
	author    = {Avraham Leff and
               James T. Rayfield},
	title     = {Web-Application Development Using the Model/View/Controller Design
               Pattern},
	booktitle = {5th International Enterprise Distributed Object Computing Conference
               {(EDOC} 2001), 4-7 September 2001, Seattle, WA, USA, Proceedings},
	pages     = {118--127},
	publisher = {{IEEE} Computer Society},
	year      = {2001},
	url       = {https://doi.org/10.1109/EDOC.2001.950428},
	doi       = {10.1109/EDOC.2001.950428},
	timestamp = {Wed, 16 Oct 2019 14:14:56 +0200},
	biburl    = {https://dblp.org/rec/conf/edoc/LeffR01.bib},
	bibsource = {dblp computer science bibliography, https://dblp.org}
}

@inproceedings{esb,
	author = {Fernandez, Eduardo B. and Yoshioka, Nobukazu},
	title = {Two Patterns for Distributed Systems: Enterprise Service Bus (ESB) and Distributed Publish/Subscribe},
	year = {2011},
	isbn = {9781450312837},
	publisher = {Association for Computing Machinery},
	address = {New York, NY, USA},
	url = {https://doi.org/10.1145/2578903.2579146},
	doi = {10.1145/2578903.2579146},
	booktitle = {Proceedings of the 18th Conference on Pattern Languages of Programs},
	articleno = {8},
	numpages = {10},
	keywords = {service-oriented architecture (SOA), web services, architecture pattern},
	location = {Portland, Oregon, USA},
	series = {PLoP '11}
}

@book{ddd,
	author = {Evans},
	title = {Domain-Driven Design: Tacking Complexity In the Heart of Software},
	year = {2003},
	isbn = {0321125215},
	publisher = {Addison-Wesley Longman Publishing Co., Inc.},
	address = {USA},
}

@article{docker,
	author = {Boettiger, Carl},
	title = {An Introduction to Docker for Reproducible Research},
	year = {2015},
	issue_date = {January 2015},
	publisher = {Association for Computing Machinery},
	address = {New York, NY, USA},
	volume = {49},
	number = {1},
	issn = {0163-5980},
	url = {https://doi.org/10.1145/2723872.2723882},
	doi = {10.1145/2723872.2723882},
	journal = {SIGOPS Oper. Syst. Rev.},
	month = {jan},
	pages = {71–79},
	numpages = {9}
}

@book{docker2016swarm,
	author = {Soppelsa, Fabrizio and Kaewkasi, Chanwit},
	title = {Native Docker Clustering with Swarm},
	year = {2017},
	isbn = {1786469758},
	publisher = {Packt Publishing},
}

@article{kubernetes,
	author = {Burns, Brendan and Grant, Brian and Oppenheimer, David and Brewer, Eric and Wilkes, John},
	title = {Borg, Omega, and Kubernetes},
	year = {2016},
	issue_date = {May 2016},
	publisher = {Association for Computing Machinery},
	address = {New York, NY, USA},
	volume = {59},
	number = {5},
	issn = {0001-0782},
	url = {https://doi.org/10.1145/2890784},
	doi = {10.1145/2890784},
	journal = {Commun. ACM},
	month = {apr},
	pages = {50–57},
	numpages = {8}
}

@book{turnbull2018monitoring,
	title={Monitoring with Prometheus},
	author={Turnbull, James},
	year={2018},
	isbn = {9789352138944},
	publisher={Turnbull Press}
}

@inproceedings{freeman1991refinement,
	title={Refinement types for ML},
	author={Freeman, Tim and Pfenning, Frank},
	booktitle={Proceedings of the ACM SIGPLAN 1991 conference on Programming language design and implementation},
	pages={268--277},
	year={1991}
}

@inproceedings{webServiceEvolution,
	author={Meng, Ruo and He, Chengwan},
	booktitle={2013 International Conference on Computer Sciences and Applications},
	title={A Comparison of Approaches to Web Service Evolution},
	year={2013},
	volume={},
	number={},
	pages={138-141},
	doi={10.1109/CSA.2013.38}
}

@inproceedings{adaptersWebServices,
	title={Developing adapters for web services integration},
	author={Benatallah, Boualem and Casati, Fabio and Grigori, Daniela and Nezhad, Hamid R Motahari and Toumani, Farouk},
	booktitle={International Conference on Advanced Information Systems Engineering},
	pages={415--429},
	year={2005},
	isbn={978-3-540-32127-9},
	doi={10.1007/11431855_29},
	organization={Springer},
}

@incollection{headRest,
	title={HeadREST: A specification language for RESTful APIs},
	author={Vasconcelos, Vasco T and Martins, Francisco and Lopes, Ant{\'o}nia and Burnay, Nuno},
	booktitle={Models, Languages, and Tools for Concurrent and Distributed Programming},
	pages={428--434},
	year={2019},
	isbn={978-3-030-21485-2},
	doi = {10.1007/978-3-030-21485-2_23},
	publisher={Springer}
}

@inproceedings{feng2009rest,
	author={Xinyang Feng and Jianjing Shen and Ying Fan},
	booktitle={2009 First International Conference on Future Information Networks},
	title={REST: An alternative to RPC for Web services architecture},
	year={2009},
	volume={},
	number={},
	pages={7-10},
	doi={10.1109/ICFIN.2009.5339611}
}


@online{openAPI,
	author={Ron Ratovsky},
	title={OpenAPI},
	year = {2022},
	url = {https://swagger.io/specification/},
	urldate = {2022-11-28}
}

@inproceedings{3,
	title={Software architecture: The next step},
	author={Bosch, Jan},
	booktitle={European Workshop on Software Architecture},
	pages={194--199},
	year={2004},
	isbn={978-3-540-24769-2},
	doi = {10.1007/978-3-540-24769-2_14},
	organization={Springer}
}

@inproceedings{4,
	author = {Bosch, Jan},
	title = {Architecture Challenges for Software Ecosystems},
	year = {2010},
	isbn = {9781450301794},
	publisher = {Association for Computing Machinery},
	address = {New York, NY, USA},
	url = {https://doi.org/10.1145/1842752.1842776},
	doi = {10.1145/1842752.1842776},
	booktitle = {Proceedings of the Fourth European Conference on Software Architecture: Companion Volume},
	pages = {93–95},
	numpages = {3},
	location = {Copenhagen, Denmark},
	series = {ECSA '10}
}

@article{7,
	author = {Papazoglou, Mike P. and Heuvel, Willem-Jan},
	title = {Service Oriented Architectures: Approaches, Technologies and Research Issues},
	year = {2007},
	issue_date = {Jul 2007},
	publisher = {Springer-Verlag},
	address = {Berlin, Heidelberg},
	volume = {16},
	number = {3},
	issn = {1066-8888},
	url = {https://doi.org/10.1007/s00778-007-0044-3},
	doi = {10.1007/s00778-007-0044-3},
	journal = {The VLDB Journal},
	month = {jul},
	pages = {389–415},
	numpages = {27},
	keywords = {Enterprise bus, Service oriented architecture, Application and service integration, Asynchronous and event-driven processing, Web services}
}

@incollection{8,
	title={Apache Avro},
	author={Vohra, Deepak},
	booktitle={Practical Hadoop Ecosystem},
	pages={303--323},
	year={2016},
	isbn = {1484221982},
	doi = {10.1007/978-1-4842-2199-0_7},
	publisher={Springer}
}

@online{9,
	title={Protocol Buffers},
	author={Google Developers},
	howpublished={\url{http://code.google.com/apis/protocolbuffers/}},
	urldate = {2022-11-28}
}

@article{10,
	title={Thrift: Scalable cross-language services implementation},
	author={Slee, Mark and Agarwal, Aditya and Kwiatkowski, Marc},
	journal={Facebook white paper},
	volume={5},
	number={8},
	pages={127},
	url = {http://thrift.apache.org/static/files/thrift-20070401.pdf},
	urldate = {2022-11-28},
	year={2007}
}

@online{11,
	title={Schema evolution in avro, protocol buffers and thrift},
	author={Kleppmann, Martin},
	year={2012},
	howpublished={\url{https://martin.kleppmann.com/2012/12/05/schema-evolution-in-avro-protocol-buffers-thrift.html}},
	urldate = {2022-11-28}
}

@online{12,
	title={Java RMI},
	author={Oracle Developers},
	howpublished={\url{https://docs.oracle.com/javase/7/docs/platform/rmi/spec/rmiTOC.html}},
	urldate = {2022-11-28}
}

@inproceedings{13,
	author = {Kaminski, Piotr and M\"{u}ller, Hausi and Litoiu, Marin},
	title = {A Design for Adaptive Web Service Evolution},
	year = {2006},
	isbn = {1595934030},
	publisher = {Association for Computing Machinery},
	address = {New York, NY, USA},
	url = {https://doi.org/10.1145/1137677.1137694},
	doi = {10.1145/1137677.1137694},
	booktitle = {Proceedings of the 2006 International Workshop on Self-Adaptation and Self-Managing Systems},
	pages = {86–92},
	numpages = {7},
	keywords = {web services, software evolution, design patterns, backwards compatibility},
	location = {Shanghai, China},
	series = {SEAMS '06}
}

@article{espinha2015web,
	title = {Web API growing pains: Loosely coupled yet strongly tied},
	journal = {Journal of Systems and Software},
	volume = {100},
	pages = {27-43},
	year = {2015},
	issn = {0164-1212},
	doi = {https://doi.org/10.1016/j.jss.2014.10.014},
	url = {https://www.sciencedirect.com/science/article/pii/S0164121214002180},
	author = {Tiago Espinha and Andy Zaidman and Hans-Gerhard Gross},
	keywords = {Web API, Software evolution, Breaking changes},
	abstract = {Web APIs provide a systematic and extensible approach for application-to-application interaction. Developers using web APIs are forced to accompany the API providers in their software evolution tasks. In order to understand the distress caused by this imposition on web API client developers we perform a semi-structured interview with six such developers. We also investigate how major web API providers organize their API evolution, and we explore how this affects source code changes of their clients. Our exploratory qualitative study of the Twitter, Google Maps, Facebook and Netflix web APIs analyzes the state of web API evolution practices and provides insight into the impact of service evolution on client software. In order to complement the picture and also understand how web API providers deal with evolution, we investigate the server-side and client-side evolution of two open-source web APIs, namely VirtualBox and XBMC. Our study is complemented with a set of observations regarding best practices for web API evolution.}
}

@inproceedings{sohan2015case,
	author={Sohan, S.M. and Anslow, Craig and Maurer, Frank},
	booktitle={2015 IEEE World Congress on Services},
	title={A Case Study of Web API Evolution},
	year={2015},
	volume={},
	number={},
	pages={245-252},
	doi={10.1109/SERVICES.2015.43}
}


@inproceedings{serializationBenchmark,
	author = {Sumaray, Audie and Makki, S. Kami},
	title = {A Comparison of Data Serialization Formats for Optimal Efficiency on a Mobile Platform},
	year = {2012},
	isbn = {9781450311724},
	publisher = {Association for Computing Machinery},
	address = {New York, NY, USA},
	url = {https://doi.org/10.1145/2184751.2184810},
	doi = {10.1145/2184751.2184810},
	booktitle = {Proceedings of the 6th International Conference on Ubiquitous Information Management and Communication},
	articleno = {48},
	numpages = {6},
	keywords = {Dalvik, XML, ProtoBuf, thrift, data serialization, Android, JSON},
	location = {Kuala Lumpur, Malaysia},
	series = {ICUIMC '12}
}

@inproceedings{jsonschema,
	author = {Pezoa, Felipe and Reutter, Juan L. and Suarez, Fernando and Ugarte, Mart\'{\i}n and Vrgo\v{c}, Domagoj},
	title = {Foundations of JSON Schema},
	year = {2016},
	isbn = {9781450341431},
	publisher = {International World Wide Web Conferences Steering Committee},
	address = {Republic and Canton of Geneva, CHE},
	url = {https://doi.org/10.1145/2872427.2883029},
	doi = {10.1145/2872427.2883029},
	booktitle = {Proceedings of the 25th International Conference on World Wide Web},
	pages = {263–273},
	numpages = {11},
	keywords = {JSON validation, JSON, expressiveness of schema languages, JSON schema},
	location = {Montr\'{e}al, Qu\'{e}bec, Canada},
	series = {WWW '16}
}

@article{helm,
	doi = {10.48550/ARXIV.2206.07093},
	url = {https://arxiv.org/abs/2206.07093},
	author = {Howard, Michael},
	keywords = {Distributed, Parallel, and Cluster Computing (cs.DC), FOS: Computer and information sciences, FOS: Computer and information sciences},
	title = {Helm -- What It Can Do and Where Is It Going?},
	publisher = {arXiv},
	year = {2022},
	journal={arXiv preprint arXiv:2206.07093},
	copyright = {Creative Commons Attribution 4.0 International}
}

@online{swaggerparser,
	title={Swagger Parser},
	author={swagger.io},
	howpublished={\url{https://github.com/swagger-api/swagger-parser}},
	urldate = {2022-11-28},
}

@online{artillery,
	title={Artillery},
	author={Artillery Software Inc},
	howpublished={\url{https://www.artillery.io/}},
	urldate = {2022-11-28},
}

@online{artilleryop,
	title={Artillery Operator},
	author={Artillery Software Inc},
	howpublished={\url{https://github.com/artilleryio/artillery-operator}},
	urldate = {2022-11-28},
}

@book{jenkins,
	author = {Laster, Brent},
	title = {Jenkins 2: Up and Running Evolve Your Deployment Pipeline for Next Generation Automation},
	year = {2018},
	isbn = {1491979593},
	publisher = {O'Reilly Media, Inc.},
	edition = {1st},
}

@article{ontology,
	author={Gomez-Perez, A. and Corcho, O.},
	journal={IEEE Intelligent Systems},
	title={Ontology languages for the Semantic Web},
	year={2002},
	volume={17},
	number={1},
	pages={54-60},
	doi={10.1109/5254.988453}
}


@online{helmfile,
	title={Helmfile},
	author={roboll},
	howpublished={\url{https://github.com/helmfile/helmfile}},
	urldate = {2022-11-28},
}

@inproceedings{devops,
	author={Gokarna, Mayank and Singh, Raju},
	booktitle={2021 International Conference on Computing, Communication, and Intelligent Systems (ICCCIS)},
	title={DevOps: A Historical Review and Future Works},
	year={2021},
	volume={},
	number={},
	pages={366-371},
	doi={10.1109/ICCCIS51004.2021.9397235}
}

@techreport{webapi,
	author = {Hadley, Marc J.},
	title = {Web Application Description Language (WADL)},
	year = {2006},
	publisher = {Sun Microsystems, Inc.},
	address = {USA},
	doi={10.5555/1698142}
}

@article{schemalanguagetaxonomy,
	author = {Murata, Makoto and Lee, Dongwon and Mani, Murali and Kawaguchi, Kohsuke},
	title = {Taxonomy of XML Schema Languages Using Formal Language Theory},
	year = {2005},
	issue_date = {November 2005},
	publisher = {Association for Computing Machinery},
	address = {New York, NY, USA},
	volume = {5},
	number = {4},
	issn = {1533-5399},
	url = {https://doi.org/10.1145/1111627.1111631},
	doi = {10.1145/1111627.1111631},
	journal = {ACM Trans. Internet Technol.},
	month = {nov},
	pages = {660–704},
	numpages = {45},
	keywords = {XML, tree automaton, validation, interpretation, schema}
}

@inproceedings{json,
	author = {Bourhis, Pierre and Reutter, Juan L. and Su\'{a}rez, Fernando and Vrgo\v{c}, Domagoj},
	title = {JSON: Data Model, Query Languages and Schema Specification},
	year = {2017},
	isbn = {9781450341981},
	publisher = {Association for Computing Machinery},
	address = {New York, NY, USA},
	url = {https://doi.org/10.1145/3034786.3056120},
	doi = {10.1145/3034786.3056120},
	booktitle = {Proceedings of the 36th ACM SIGMOD-SIGACT-SIGAI Symposium on Principles of Database Systems},
	pages = {123–135},
	numpages = {13},
	keywords = {json, schema languages, navigation},
	location = {Chicago, Illinois, USA},
	series = {PODS '17}
}

@book{rpc,
	author = {Corbin, John R.},
	title = {The Art of Distributed Applications: Programming Techniques for Remote Procedure Calls},
	year = {1991},
	isbn = {0387972471},
	publisher = {Springer-Verlag},
	address = {Berlin, Heidelberg}
}

@book{http,
	author = {Totty, Brian and Gourley, David and Sayer, Marjorie and Aggarwal, Anshu and Reddy, Sailu},
	title = {Http: The Definitive Guide},
	year = {2002},
	isbn = {1565925092},
	publisher = {O'Reilly & Associates, Inc.},
	address = {USA},
}

@inproceedings{kafka,
	title={Kafka: A distributed messaging system for log processing},
	author={Kreps, Jay and Narkhede, Neha and Rao, Jun and others},
	booktitle={Proceedings of the NetDB},
	volume={11},
	pages={1--7},
	year={2011},
	url = {http://notes.stephenholiday.com/Kafka.pdf},
	urldate = {2022-11-28},
}

@online{deploymentstrategies,
	title={Deployment Strategies},
	author={Red Hat},
	howpublished={\url{https://docs.openshift.com/aro/3/dev_guide/deployments/deployment_strategies.html}},
	urldate = {2022-11-28},
}

@article{azureapi,
	title={Mastering Azure API Management},
	author={Malvik, Sven},
	isbn = {978-1-4842-8011-9},
	doi = {10.1007/978-1-4842-8011-9},
	year={2011},
	publisher={Springer}
}

@article{nginx,
	author = {Reese, Will},
	title = {Nginx: The High-Performance Web Server and Reverse Proxy},
	year = {2008},
	issue_date = {September 2008},
	publisher = {Belltown Media},
	address = {Houston, TX},
	volume = {2008},
	number = {173},
	issn = {1075-3583},
	journal = {Linux J.},
	month = {sep},
	articleno = {2}
}

@online{kubectl,
	title={Kubectl},
	author={The Kubernetes Authors},
	howpublished={\url{https://kubernetes.io/docs/reference/kubectl/}},
	urldate = {2022-11-28},
}

@inproceedings{list,
	author = {Wang, Shaohua and Keivanloo, Iman and Zou, Ying},
	title = {How Do Developers React to RESTful API Evolution?},
	year = {2022},
	isbn = {978-3-662-45390-2},
	publisher = {Springer-Verlag},
	address = {Berlin, Heidelberg},
	url = {https://doi.org/10.1007/978-3-662-45391-9_17},
	doi = {10.1007/978-3-662-45391-9_17},
	booktitle = {Service-Oriented Computing},
	pages = {245–259},
	numpages = {15},
	keywords = {StackOverflow, Social Media, API Evolution, REST API},
	location = {Paris France}
}

